<?xml version="1.0" encoding="UTF-8"?><collection xmlns="http://www.loc.gov/MARC21/slim"><record><leader>00576nam--2200181-u-4500</leader><controlfield tag="001">000054852</controlfield><controlfield tag="002">20161230</controlfield><controlfield tag="005">20161230201051</controlfield><controlfield tag="008">120621s1000------------r-----000-0-fre-d</controlfield><datafield ind1=" " ind2=" " tag="040"><subfield code="a">IFIN-HH</subfield></datafield><datafield ind1=" " ind2=" " tag="041"><subfield code="a">fre</subfield></datafield><datafield ind1=" " ind2=" " tag="080"><subfield code="a">539.17.02:621.039.524.44(043)</subfield></datafield><datafield ind1="1" ind2=" " tag="100"><subfield code="a">Saih, Fatima</subfield></datafield><datafield ind1="1" ind2="0" tag="245"><subfield code="a">Elaboration d'un schema de calcul des sections efficaces tenant compte des effets de contre reactions dans un reacteur a eau legere pressurisee</subfield><subfield code="b">These</subfield><subfield code="c">Fatima saih</subfield></datafield><datafield ind1=" " ind2=" " tag="260"><subfield code="a">Paris</subfield><subfield code="b">Universite</subfield><subfield code="c">1982</subfield></datafield><datafield ind1=" " ind2=" " tag="300"><subfield code="a">87P</subfield></datafield><datafield ind1=" " ind2=" " tag="852"><subfield code="a">71075</subfield><subfield code="c">539.17</subfield></datafield><datafield ind1=" " ind2=" " tag="CAT"><subfield code="a">Sys</subfield><subfield code="c">20120621</subfield><subfield code="h">142516</subfield></datafield></record></collection>